<record><leader>00000cas a22000007a 4500</leader><controlfield tag="001">20079735</controlfield><controlfield tag="008">890727d19021920couwr ne      0    0eng d</controlfield><datafield ind1=" " ind2=" " tag="010"><subfield code="a">sn 89052203 </subfield></datafield><datafield ind1=" " ind2=" " tag="040"><subfield code="a">CNQ</subfield><subfield code="b">eng</subfield><subfield code="c">CNQ</subfield><subfield code="d">OCLCQ</subfield></datafield><datafield ind1=" " ind2=" " tag="042"><subfield code="a">msc</subfield></datafield><datafield ind1="0" ind2="4" tag="245"><subfield code="a">The Boulder County miner.</subfield></datafield><datafield ind1=" " ind2=" " tag="260"><subfield code="a">Wall Street, Boulder County, Colo. :</subfield><subfield code="b">Amos Wright</subfield></datafield><datafield ind1=" " ind2=" " tag="300"><subfield code="a">v.</subfield></datafield><datafield ind1=" " ind2=" " tag="310"><subfield code="a">Weekly</subfield></datafield><datafield ind1="1" ind2=" " tag="362"><subfield code="a">Began in 1902?</subfield></datafield><datafield ind1="0" ind2=" " tag="362"><subfield code="a">-v. 15, no. 29 (Dec. 30, 1920).</subfield></datafield><datafield ind1=" " ind2=" " tag="500"><subfield code="a">Published in Boulder, Colo., 1905-1920.</subfield></datafield><datafield ind1=" " ind2=" " tag="515"><subfield code="a">Suspended Sept. 9, 1904-June 8, 1905?</subfield></datafield><datafield ind1=" " ind2=" " tag="530"><subfield code="a">Available on microfilm from the Colorado Historical Society.</subfield></datafield><datafield ind1=" " ind2=" " tag="588"><subfield code="a">Description based on: 10th year, no. 22 (Apr. 4, 1902).</subfield></datafield><datafield ind1=" " ind2=" " tag="752"><subfield code="a">United States</subfield><subfield code="b">Colorado</subfield><subfield code="c">Boulder</subfield><subfield code="d">Boulder.</subfield></datafield><datafield ind1=" " ind2=" " tag="752"><subfield code="a">United States</subfield><subfield code="b">Colorado</subfield><subfield code="c">Boulder</subfield><subfield code="d">Wall Street.</subfield></datafield><datafield ind1="0" ind2="0" tag="780"><subfield code="t">Ward miner (Ward, Colo. : 1891)</subfield><subfield code="w">(DLC)sn 89052371</subfield></datafield><datafield ind1="0" ind2="5" tag="780"><subfield code="t">Niwot news</subfield></datafield><datafield ind1="0" ind2="0" tag="785"><subfield code="t">Boulder County miner and farmer</subfield><subfield code="w">(DLC)sn 89052204</subfield></datafield><datafield ind1="1" ind2=" " tag="029"><subfield code="a">AU@</subfield><subfield code="b">000025899587</subfield></datafield></record>